%%%%%%%%%%%%%%%%%%%%%%%%%%%%%%%%%%%%%%%%%%%%%%%%%%%%%%%%%%%%%%%%%%%%%%%%%%%%%%%%%%%%%%%%%%%%%%%%%
%%%%%%%%%%%%%%%%%%%%%%%%%%%%%RELATED WORK%%%%%%%%%%%%%%%%%%%%%%%%%%%%%%%%%%%%%%%%%%%%%%%%%%%%%%%%
%%%%%%%%%%%%%%%%%%%%%%%%%%%%%%%%%%%%%%%%%%%%%%%%%%%%%%%%%%%%%%%%%%%%%%%%%%%%%%%%%%%%%%%%%%%%%%%%%

@article{van2004process,
  title={Process mining: a research agenda},
  author={Van der Aalst, Wil MP and Weijters, AJMM},
  journal={Computers in industry},
  volume={53},
  number={3},
  pages={231--244},
  year={2004},
  publisher={Elsevier}
}

@article{accorsi2014unleashing,
  title={Unleashing operational process mining},
  author={Accorsi, Rafael and Damiani, Ernesto and van der Aalst, Wil},
  year={2014},
  publisher={Schloss Dagstuhl. Leibniz-Zentrum fuer Informatik}
}

@book{agrawal1998mining,
  title={Mining process models from workflow logs},
  author={Agrawal, Rakesh and Gunopulos, Dimitrios and Leymann, Frank},
  year={1998},
  publisher={Springer}
}

@article{van2004workflow,
  title={Workflow mining: Discovering process models from event logs},
  author={Van der Aalst, Wil and Weijters, Ton and Maruster, Laura},
  journal={Knowledge and Data Engineering, IEEE Transactions on},
  volume={16},
  number={9},
  pages={1128--1142},
  year={2004},
  publisher={IEEE}
}

@book{van2011process,
  title={Process mining: discovery, conformance and enhancement of business processes},
  author={Van Der Aalst, Wil},
  year={2011},
  publisher={Springer Science \& Business Media}
}

@incollection{buijs2014comparing,
  title={Comparing Business Process Variants Using Models and Event Logs},
  author={Buijs, Joos CAM and Reijers, Hajo A},
  booktitle={Enterprise, Business-Process and Information Systems Modeling},
  pages={154--168},
  year={2014},
  publisher={Springer}
}

@article{dijkman2011similarity,
  title={Similarity of business process models: Metrics and evaluation},
  author={Dijkman, Remco and Dumas, Marlon and Van Dongen, Boudewijn and K{\"a}{\"a}rik, Reina and Mendling, Jan},
  journal={Information Systems},
  volume={36},
  number={2},
  pages={498--516},
  year={2011},
  publisher={Elsevier}
}

@book{dijkman2007mismatch,
  title={Mismatch Patterns in Similar Business Processes},
  author={Dijkman, Remco Matthijs},
  year={2007},
  publisher={Beta, Research School for Operations Management and Logistics}
}

@inproceedings{buijs2012towards,
  title={Towards cross-organizational process mining in collections of process models and their executions},
  author={Buijs, Joos CAM and van Dongen, Boudewijn F and van der Aalst, Wil MP},
  booktitle={Business Process Management Workshops},
  pages={2--13},
  year={2012},
  organization={Springer}
}

@inproceedings{van2011business,
  title={Business process configuration in the cloud: how to support and analyze multi-tenant processes?},
  author={van der Aalst, Wil MP},
  booktitle={Web Services (ECOWS), 2011 Ninth IEEE European Conference on},
  pages={3--10},
  year={2011},
  organization={IEEE}
}

@incollection{van2011intra,
  title={Intra-and inter-organizational process mining: Discovering processes within and between organizations},
  author={van der Aalst, Wil MP},
  booktitle={The Practice of Enterprise Modeling},
  pages={1--11},
  year={2011},
  publisher={Springer}
}
@article{van2012replaying,
  title={Replaying history on process models for conformance checking and performance analysis},
  author={Van der Aalst, Wil and Adriansyah, Arya and van Dongen, Boudewijn},
  journal={Wiley Interdisciplinary Reviews: Data Mining and Knowledge Discovery},
  volume={2},
  number={2},
  pages={182--192},
  year={2012},
  publisher={Wiley Online Library}
}
@inproceedings{adriansyah2011conformance,
  title={Conformance checking using cost-based fitness analysis},
  author={Adriansyah, Arya and van Dongen, Boudewijn F and van der Aalst, Wil MP},
  booktitle={Enterprise Distributed Object Computing Conference (EDOC), 2011 15th IEEE International},
  pages={55--64},
  year={2011},
  organization={IEEE}
}
@article{rozinat2008conformance,
  title={Conformance checking of processes based on monitoring real behavior},
  author={Rozinat, Anne and van der Aalst, Wil MP},
  journal={Information Systems},
  volume={33},
  number={1},
  pages={64--95},
  year={2008},
  publisher={Elsevier}
}

%%%%%%%%%%%%%%%%%%%%%%%%%%%%%%%%%%%%%%%%%%%%%%%%%%%%%%%%%%%%%%%%%%%%%%%%%%%%%%%%%%%%%%%%%%%%%%%%%
%%%%%%%%%%%%%%%%%%%%%%%%%%%%% BACKGROUND %%%%%%%%%%%%%%%%%%%%%%%%%%%%%%%%%%%%%%%%%%%%%%%%%%%%%%%%
%%%%%%%%%%%%%%%%%%%%%%%%%%%%%%%%%%%%%%%%%%%%%%%%%%%%%%%%%%%%%%%%%%%%%%%%%%%%%%%%%%%%%%%%%%%%%%%%%


@incollection{buijs2013improving,
  title={Improving business process models using observed behavior},
  author={Buijs, Joos CAM and La Rosa, Marcello and Reijers, Hajo A and van Dongen, Boudewijn F and van der Aalst, Wil MP},
  booktitle={Data-Driven Process Discovery and Analysis},
  pages={44--59},
  year={2013},
  publisher={Springer}
}

@book{vanderAalst:2011:MBP:2000715,
 author = {van der Aalst, Wil and Stahl, Christian},
 title = {Modeling Business Processes: A Petri Net-Oriented Approach},
 year = {2011},
 isbn = {0262015382, 9780262015387},
 publisher = {The MIT Press},
} 

@book{reisig1998lectures,
  title={Lectures on petri nets i: basic models: advances in petri nets},
  author={Reisig, Wolfgang and Rozenberg, Grzegorz},
  volume={1491},
  year={1998},
  publisher={Springer Science \& Business Media}
}

@article{van2003workflow,
  title={Workflow patterns},
  author={van Der Aalst, Wil MP and Ter Hofstede, Arthur HM and Kiepuszewski, Bartek and Barros, Alistair P},
  journal={Distributed and parallel databases},
  volume={14},
  number={1},
  pages={5--51},
  year={2003},
  publisher={Springer}
}

@article{verbeek2010prom,
  title={Prom 6: The process mining toolkit},
  author={Verbeek, HMW and Buijs, JCAM and Van Dongen, BF and van der Aalst, Wil MP},
  journal={Proc. of BPM Demonstration Track},
  volume={615},
  pages={34--39},
  year={2010}
}

@article{kalenkovaprocess,
  title={Process Mining Using BPMN: Relating Event Logs and Process Models},
  author={Kalenkova, Anna A and van der Aalst, WMP and Lomazova, Irina A and Rubin, Vladimir A}
}

@article{van1998application,
  title={The application of Petri nets to workflow management},
  author={Van der Aalst, Wil MP},
  journal={Journal of circuits, systems, and computers},
  volume={8},
  number={01},
  pages={21--66},
  year={1998},
  publisher={World Scientific}
}

@incollection{van2013discovering,
  title={Discovering Petri nets from event logs},
  author={van der Aalst, Wil MP and van Dongen, Boudewijn F},
  booktitle={Transactions on Petri Nets and Other Models of Concurrency VII},
  pages={372--422},
  year={2013},
  publisher={Springer}
}
@incollection{leemans2013discovering,
  title={Discovering block-structured process models from event logs-a constructive approach},
  author={Leemans, Sander JJ and Fahland, Dirk and van der Aalst, Wil MP},
  booktitle={Application and Theory of Petri Nets and Concurrency},
  pages={311--329},
  year={2013},
  publisher={Springer}
}
@inproceedings{leemans2014discoveringinfrequent,
  title={Discovering block-structured process models from event logs containing infrequent behaviour},
  author={Leemans, Sander JJ and Fahland, Dirk and van der Aalst, Wil MP},
  booktitle={Business Process Management Workshops},
  pages={66--78},
  year={2014},
  organization={Springer}
}
@incollection{leemans2014discoveringincomplete,
  title={Discovering block-structured process models from incomplete event logs},
  author={Leemans, Sander JJ and Fahland, Dirk and van der Aalst, Wil MP},
  booktitle={Application and Theory of Petri Nets and Concurrency},
  pages={91--110},
  year={2014},
  publisher={Springer}
}
@incollection{weidlich2012profiles,
  title={On profiles and footprints--relational semantics for Petri nets},
  author={Weidlich, Matthias and van der Werf, Jan Martijn},
  booktitle={Application and Theory of Petri Nets},
  pages={148--167},
  year={2012},
  publisher={Springer}
}