%%%%%%%%%%%%%%%%%%%%%%%%%%%%%%%%%%%%%%%%%%%%%%%%%%%%%%%%%%%%%%%%%%%%%%%%%%%%%%%%%%%%%%%%%%%%%%%%%
%%%%%%%%%%%%%%%%%%%%%%%%%%%%%INTRODUCTION%%%%%%%%%%%%%%%%%%%%%%%%%%%%%%%%%%%%%%%%%%%%%%%%%%%%%%%%
%%%%%%%%%%%%%%%%%%%%%%%%%%%%%%%%%%%%%%%%%%%%%%%%%%%%%%%%%%%%%%%%%%%%%%%%%%%%%%%%%%%%%%%%%%%%%%%%%

@inproceedings{van2012process,
  title={Process mining manifesto},
  author={van der Aalst, W. M. P., Adriansyah, A., de Medeiros, A.K.A., et al.},
  booktitle={Business process management workshops},
  pages={169--194},
  year={2012},
  organization={Springer}
}

%%%%%%%%%%%%%%%%%%%%%%%%%%%%%%%%%%%%%%%%%%%%%%%%%%%%%%%%%%%%%%%%%%%%%%%%%%%%%%%%%%%%%%%%%%%%%%%%%
%%%%%%%%%%%%%%%%%%%%%%%%%%%%%RELATED WORK%%%%%%%%%%%%%%%%%%%%%%%%%%%%%%%%%%%%%%%%%%%%%%%%%%%%%%%%
%%%%%%%%%%%%%%%%%%%%%%%%%%%%%%%%%%%%%%%%%%%%%%%%%%%%%%%%%%%%%%%%%%%%%%%%%%%%%%%%%%%%%%%%%%%%%%%%%

@article{van2004process,
  title={Process mining: a research agenda},
  author={van der Aalst, W. M. P. and Weijters, A. J. M. M.},
  journal={Computers in industry},
  volume={53},
  number={3},
  pages={231--244},
  year={2004},
  publisher={Elsevier}
}

@article{accorsi2014unleashing,
  title={Unleashing operational process mining},
  author={Accorsi, R., Damiani, E., and van der Aalst, W. M. P.},
  year={2014},
  publisher={Schloss Dagstuhl. Leibniz-Zentrum fuer Informatik}
}

@book{agrawal1998mining,
  title={Mining process models from workflow logs},
  author={Agrawal, R., Gunopulos, D., and Leymann, F.},
  year={1998},
  publisher={Springer}
}

@article{van2004workflow,
  title={Workflow mining: Discovering process models from event logs},
  author={van der Aalst, W. M. P., Weijters, T., and Maruster, L.},
  journal={Knowledge and Data Engineering, IEEE Transactions on},
  volume={16},
  number={9},
  pages={1128--1142},
  year={2004},
  publisher={IEEE}
}

@book{van2011process,
  title={Process mining: discovery, conformance and enhancement of business processes},
  author={van der Aalst, W. M. P.},
  year={2011},
  publisher={Springer Science \& Business Media}
}

@incollection{buijs2014comparing,
  title={Comparing Business Process Variants Using Models and Event Logs},
  author={Buijs, J. C., and Reijers, H. A.},
  booktitle={Enterprise, Business-Process and Information Systems Modeling},
  pages={154--168},
  year={2014},
  publisher={Springer}
}

@article{dijkman2011similarity,
  title={Similarity of business process models: Metrics and evaluation},
  author={Dijkman, R., Dumas, M., van Dongen, B., K{\"a}{\"a}rik, R., and Mendling, J.},
  journal={Information Systems},
  volume={36},
  number={2},
  pages={498--516},
  year={2011},
  publisher={Elsevier}
}

@book{dijkman2007mismatch,
  title={Mismatch Patterns in Similar Business Processes},
  author={Dijkman, R.},
  year={2007},
  publisher={Beta, Research School for Operations Management and Logistics}
}

@inproceedings{buijs2012towards,
  title={Towards cross-organizational process mining in collections of process models and their executions},
  author={Buijs, J. C., van Dongen, B. F., and van der Aalst, W. M. P.},
  booktitle={Business Process Management Workshops},
  pages={2--13},
  year={2012},
  organization={Springer}
}

@inproceedings{van2011business,
  title={Business process configuration in the cloud: how to support and analyze multi-tenant processes?},
  author={van der Aalst, W. M. P.},
  booktitle={Web Services (ECOWS), 2011 Ninth IEEE European Conference on},
  pages={3--10},
  year={2011},
  organization={IEEE}
}

@incollection{van2011intra,
  title={Intra-and inter-organizational process mining: Discovering processes within and between organizations},
  author={van der Aalst, W. M. P.},
  booktitle={The Practice of Enterprise Modeling},
  pages={1--11},
  year={2011},
  publisher={Springer}
}
@article{van2012replaying,
  title={Replaying history on process models for conformance checking and performance analysis},
  author={van der Aalst, W. M. P., Adriansyah, A., and van Dongen, B.},
  journal={Wiley Interdisciplinary Reviews: Data Mining and Knowledge Discovery},
  volume={2},
  number={2},
  pages={182--192},
  year={2012},
  publisher={Wiley Online Library}
}
@inproceedings{adriansyah2011conformance,
  title={Conformance checking using cost-based fitness analysis},
  author={Adriansyah, A., van Dongen, B. F., and van der Aalst, W. M. P.},
  booktitle={Enterprise Distributed Object Computing Conference (EDOC), 2011 15th IEEE International},
  pages={55--64},
  year={2011},
  organization={IEEE}
}
@article{rozinat2008conformance,
  title={Conformance checking of processes based on monitoring real behavior},
  author={Rozinat, A., and van der Aalst, W. M. P.},
  journal={Information Systems},
  volume={33},
  number={1},
  pages={64--95},
  year={2008},
  publisher={Elsevier}
}
@article{de2004process,
  title={Process mining: Extending the $\alpha$-algorithm to mine short loops},
  author={de Medeiros, AK Alves and van Dongen, Boudewijn F and Van der Aalst, Wil MP and Weijters, AJMM}
}

@incollection{khodabandelou2013process,
  title={Process mining versus intention mining},
  author={Khodabandelou, G., Hug, C.,Deneckere, R., and Salinesi, C.},
  booktitle={Enterprise, Business-Process and Information Systems Modeling},
  pages={466--480},
  year={2013},
  publisher={Springer}
}
@inproceedings{herbst1998integrating,
  title={Integrating machine learning and workflow management to support acquisition and adaptation of workflow models},
  author={Herbst, J., and Karagiannis, D.},
  booktitle={Database and Expert Systems Applications, 1998. Proceedings. Ninth International Workshop on},
  pages={745--752},
  year={1998},
  organization={IEEE}
}
@inproceedings{herbst2000dealing,
  title={Dealing with concurrency in workflow induction},
  author={Herbst, J.},
  booktitle={European Concurrent Engineering Conference. SCS Europe},
  year={2000},
  organization={Citeseer}
}
@incollection{greco2005mining,
  title={Mining hierarchies of models: From abstract views to concrete specifications},
  author={Greco, G., Guzzo, A., and Pontieri, L.},
  booktitle={Business Process Management},
  pages={32--47},
  year={2005},
  publisher={Springer}
}
@incollection{van2005genetic,
  title={Genetic process mining},
  author={van der Aalst, W. M. P., de Medeiros, A.K.A., and Weijters, A. J. M. M.},
  booktitle={Applications and theory of Petri nets 2005},
  pages={48--69},
  year={2005},
  publisher={Springer}
}

@incollection{esgin2011delta,
  title={Delta analysis: a hybrid quantitative approach for measuring discrepancies between business process models},
  author={Esgin, E., and Senkul, P.},
  booktitle={Hybrid Artificial Intelligent Systems},
  pages={296--304},
  year={2011},
  publisher={Springer}
}
@incollection{esgin2013sequence,
  title={Sequence alignment adaptation for process diagnostics and delta analysis},
  author={Esgin, E., and Karagoz, P.},
  booktitle={Hybrid Artificial Intelligent Systems},
  pages={191--201},
  year={2013},
  publisher={Springer}
}

@inproceedings{esgin2009hybrid,
  title={A Hybrid Approach to Process Mining: Finding Immediate Successors of a Process by Using From-To Chart},
  author={Esgin, E., and Senkul, R.},
  booktitle={Machine Learning and Applications, 2009. ICMLA'09. International Conference on},
  pages={664--668},
  year={2009},
  organization={IEEE}
}
@incollection{esgin2010hybrid,
  title={A hybrid approach for process mining: using from-to chart arranged by genetic algorithms},
  author={Esgin, E., Senkul, P., and Cimenbicer, C.},
  booktitle={Hybrid Artificial Intelligence Systems},
  pages={178--186},
  year={2010},
  publisher={Springer}
}

%%%%%%%%%%%%%%%%%%%%%%%%%%%%%%%%%%%%%%%%%%%%%%%%%%%%%%%%%%%%%%%%%%%%%%%%%%%%%%%%%%%%%%%%%%%%%%%%%
%%%%%%%%%%%%%%%%%%%%%%%%%%%%% BACKGROUND %%%%%%%%%%%%%%%%%%%%%%%%%%%%%%%%%%%%%%%%%%%%%%%%%%%%%%%% checked
%%%%%%%%%%%%%%%%%%%%%%%%%%%%%%%%%%%%%%%%%%%%%%%%%%%%%%%%%%%%%%%%%%%%%%%%%%%%%%%%%%%%%%%%%%%%%%%%%


@incollection{buijs2013improving,
  title={Improving business process models using observed behavior},
  author={Buijs, Joos CAM and La Rosa, Marcello and Reijers, Hajo A and van Dongen, Boudewijn F and van der Aalst, Wil MP},
  booktitle={Data-Driven Process Discovery and Analysis},
  pages={44--59},
  year={2013},
  publisher={Springer}
}

@book{vanderAalst:2011:MBP:2000715,
 author = {van der Aalst, Wil and Stahl, Christian},
 title = {Modeling Business Processes: A Petri Net-Oriented Approach},
 year = {2011},
 isbn = {0262015382, 9780262015387},
 publisher = {The MIT Press},
} 

@book{reisig1998lectures,
  title={Lectures on petri nets i: basic models: advances in petri nets},
  author={Reisig, Wolfgang and Rozenberg, Grzegorz},
  volume={1491},
  year={1998},
  publisher={Springer Science \& Business Media}
}

@article{van2003workflow,
  title={Workflow patterns},
  author={van Der Aalst, Wil MP and Ter Hofstede, Arthur HM and Kiepuszewski, Bartek and Barros, Alistair P},
  journal={Distributed and parallel databases},
  volume={14},
  number={1},
  pages={5--51},
  year={2003},
  publisher={Springer}
}

@article{verbeek2010prom,
  title={Prom 6: The process mining toolkit},
  author={Verbeek, HMW and Buijs, JCAM and Van Dongen, BF and van der Aalst, Wil MP},
  journal={Proc. of BPM Demonstration Track},
  volume={615},
  pages={34--39},
  year={2010}
}

@article{kalenkovaprocess,
  title={Process Mining Using BPMN: Relating Event Logs and Process Models},
  author={Kalenkova, Anna A and van der Aalst, WMP and Lomazova, Irina A and Rubin, Vladimir A}
}

@article{van1998application,
  title={The application of Petri nets to workflow management},
  author={Van der Aalst, Wil MP},
  journal={Journal of circuits, systems, and computers},
  volume={8},
  number={01},
  pages={21--66},
  year={1998},
  publisher={World Scientific}
}

@incollection{van2013discovering,
  title={Discovering Petri nets from event logs},
  author={van der Aalst, Wil MP and van Dongen, Boudewijn F},
  booktitle={Transactions on Petri Nets and Other Models of Concurrency VII},
  pages={372--422},
  year={2013},
  publisher={Springer}
}
@incollection{leemans2013discovering,
  title={Discovering block-structured process models from event logs-a constructive approach},
  author={Leemans, Sander JJ and Fahland, Dirk and van der Aalst, Wil MP},
  booktitle={Application and Theory of Petri Nets and Concurrency},
  pages={311--329},
  year={2013},
  publisher={Springer}
}
@inproceedings{leemans2014discoveringinfrequent,
  title={Discovering block-structured process models from event logs containing infrequent behaviour},
  author={Leemans, Sander JJ and Fahland, Dirk and van der Aalst, Wil MP},
  booktitle={Business Process Management Workshops},
  pages={66--78},
  year={2014},
  organization={Springer}
}
@incollection{leemans2014discoveringincomplete,
  title={Discovering block-structured process models from incomplete event logs},
  author={Leemans, Sander JJ and Fahland, Dirk and van der Aalst, Wil MP},
  booktitle={Application and Theory of Petri Nets and Concurrency},
  pages={91--110},
  year={2014},
  publisher={Springer}
}
@incollection{weidlich2012profiles,
  title={On profiles and footprints--relational semantics for Petri nets},
  author={Weidlich, Matthias and van der Werf, Jan Martijn},
  booktitle={Application and Theory of Petri Nets},
  pages={148--167},
  year={2012},
  publisher={Springer}
}
@data{loan-app-data,
  doi = {10.4121/uuid:bd8fcc48-5bf3-480e-8775-d79d6c700e90},
  url = {http://dx.doi.org/10.4121/uuid:bd8fcc48-5bf3-480e-8775-d79d6c700e90},
  author = {Buijs, J.C.A.M.; },
  publisher = {Eindhoven University of Technology},
  title = {Loan application example},
  year = {2013}
}
 @inproceedings{arthur2007,
    author = {D. Arthur and S. Vassilvitskii},
    booktitle = {Proceedings of the eighteenth annual ACM-SIAM symposium on Discrete algorithms},
    pages = {1027-1035},
    title = {k-means++: the advantages of carefull seeding},
    year = {2007}
 }
 @article{hall2009,
 author = {Hall, Mark and Frank, Eibe and Holmes, Geoffrey and Pfahringer, Bernhard and Reutemann, Peter and Witten, Ian H.},
 title = {The WEKA Data Mining Software: An Update},
 journal = {SIGKDD Explor. Newsl.},
 issue_date = {June 2009},
 volume = {11},
 number = {1},
 month = nov,
 year = {2009},
 issn = {1931-0145},
 pages = {10--18},
 numpages = {9},
 url = {http://doi.acm.org/10.1145/1656274.1656278},
 doi = {10.1145/1656274.1656278},
 acmid = {1656278},
 publisher = {ACM},
 address = {New York, NY, USA},
} 
@inproceedings{adriansyah2011towards,
  title={Towards robust conformance checking},
  author={Adriansyah, Arya and van Dongen, Boudewijn F and van der Aalst, Wil MP},
  booktitle={Business Process Management Workshops},
  pages={122--133},
  year={2011},
  organization={Springer}
}

%%%%%%%%%%%%%%%%%%%%%%%%%%%%%%%%%%%%%%%%%%%%%%%%%%%%%%%%%%%%%%%%%%%%%%%%%%%%%%%%%%%%%%%%%%%%%%%%%
%%%%%%%%%%%%%%%%%%%%%%%%%% RESULTS & DISCUSSIONS %%%%%%%%%%%%%%%%%%%%%%%%%%%%%%%%%%%%%%%%%%%%%%%%
%%%%%%%%%%%%%%%%%%%%%%%%%%%%%%%%%%%%%%%%%%%%%%%%%%%%%%%%%%%%%%%%%%%%%%%%%%%%%%%%%%%%%%%%%%%%%%%%%

@phdthesis{buijs2014flexible,
  title={Flexible Evolutionary Algorithms for Mining Structured Process Models},
  author={Buijs, JCAM},
  year={2014},
  school={PhD thesis. Eindhoven, The Netherlands: Technische Universiteit Eindhoven, 2014 (cit. on p. 179)}
}
@data{coselog-data,
  doi = {10.4121/uuid:26aba40d-8b2d-435b-b5af-6d4bfbd7a270},
  url = {http://dx.doi.org/10.4121/uuid:26aba40d-8b2d-435b-b5af-6d4bfbd7a270},
  author = {Buijs, J.C.A.M.; },
  publisher = {Eindhoven University of Technology},
  title = {Environmental permit application process (‘WABO’), CoSeLoG project},
  year = {2014}
}